3322 5190
1178 697 1191 734 Ι

612 769 715 817 nucu
742 769 937 817 uouemus.
1184 752 1229 816 33

328 1009 471 1083 Occulte
490 1019 526 1082 et
552 1009 656 1082 tacite
683 1008 793 1081 fctum
820 1007 955 1104 plorare
973 1033 1136 1081 neccesse
1156 1016 1229 1096 est3

376 1184 499 1256 Tutari
516 1208 610 1255 mors
628 1193 682 1256 est
699 1209 805 1271 nunc,
824 1193 859 1256 et
877 1207 993 1255 emere
1011 1182 1120 1255 nefas,

327 1358 414 1430 Vilis
432 1358 498 1429 eric
515 1359 610 1445 civis,
625 1357 694 1428 nisi
712 1356 834 1429 doctus
853 1356 998 1452 prodere
1017 1358 1142 1445 civem;

377 1530 478 1618 vilis,
496 1531 526 1602 si
544 1529 659 1601 doleat
676 1529 881 1601 dedecorare
900 1539 1058 1624 petrem3

223 1636 225 1775 i
329 1704 380 1776 Et
398 1728 475 1798 quce
492 1703 584 1775 taede
600 1703 691 1774 viem
709 1702 835 1798 retegit
852 1701 1059 1797 splendoriS‚
1078 1702 1120 1774 eb
1138 1703 1215 1797 ipso

379 1876 527 1948 Tollitur
543 1877 615 1949 heu
631 1876 752 1971 petrice
770 1875 964 1969 perniciosa
981 1897 1074 1968 rogo.

331 2587 387 2661 Ne
404 2597 521 2662 vetem
539 2587 687 2685 culpate,
704 2597 802 2685 petet
820 2587 850 2661 si
868 2587 1005 2683 gaudia,
1023 2587 1130 2683 pellet

383 2763 420 2835 Si
437 2787 554 2835 curam
572 2788 615 2834 ex
632 2763 760 2850 enimc,
779 2787 884 2857 quam
902 2785 1065 2858 superare
1082 2761 1215 2856 nequit.

333 2937 438 3033 Spem
455 2938 608 3032 praebete
635 2938 788 3025 brevem,
813 2937 934 3032 patn'ee
953 2937 1134 3010 subducite
1152 2961 1232 3009 noc·

480 3121 552 3182 tem
565 3113 572 3182 1

382 3285 472 3356 Tum
490 3295 609 3380 pateat
627 3295 757 3379 quanto
775 3295 897 3380 pectus
916 3310 1031 3358 umore
1049 3296 1184 3359 tumet:

332 3460 434 3550 Tum,
462 3459 579 3532 nutele
612 3459 745 3530 solumi
784 3484 847 3555 pro
875 3469 910 3531 te
938 3484 1041 3532 mens
1071 3461 1153 3532 laete
1179 3485 1232 3532 re-

480 3644 590 3730 ponet
1099 3590 1101 3594 Ι

383 3807 556 3903 Quicquid
574 3816 649 3879 erat
666 3806 772 3878 studii
788 3806 1002 3901 luxuriaeque
1020 3807 1134 3901 prius!

331 3982 469 4079 Mynus
488 3991 535 4069 et,
552 3979 647 4053 haud
665 3985 744 4074 epte
762 3986 883 4052 nostre
894 3977 969 4075 jem
987 4003 1078 4052 nexo
1095 3985 1234 4068 corone,

381 4155 468 4226 Mox
497 4153 662 4250 gladium,
689 4150 890 4224 Harmodii¹
918 4177 1014 4226 more
1049 4153 1235 4248 modoque,

481 4338 587 4422 teget.
