3322 5190
634 754 739 804 nusn
765 753 964 804 unnonms.
1206 735 1251 801 39

349 934 645 1029 Submersumque
665 930 724 1005 diu
749 955 843 1003 nune
869 929 980 1018 ardet,
1004 928 1198 1002 Hibernia!

497 1104 593 1178 sidus

396 1279 492 1352 Luee
509 1286 623 1367 tuum,
642 1277 732 1351 siret
748 1276 832 1349 dum
849 1276 937 1349 latet
949 1299 1052 1348 omne
1064 1273 1179 1372 juber.

344 1775 520 1848 Imbribus
537 1774 633 1847 haud
651 1782 811 1848 concrete
820 1771 953 1870 jacent,
971 1770 1067 1844 haud
1090 1770 1225 1843 concite

492 1956 609 2036 ventu,

393 2127 485 2200 Lilia
502 2127 566 2200 sub
584 2125 699 2215 terris,
717 2125 801 2198 dum
818 2124 892 2197 fere
909 2123 1009 2196 suevit
1025 2124 1169 2219 hyems3

342 2303 391 2376 At
406 2326 488 2375 mox
505 2310 679 2397 torporem
696 2323 804 2371 verno
828 2305 936 2394 quum
954 2307 1110 2394 tempore
1129 2296 1196 2369 sol-

490 2483 590 2563 vunt,

393 2650 572 2723 Libertate
590 2654 681 2722 novt
697 2648 780 2721 laete
797 2647 921 2744 dieque
939 2648 1063 2721 virent.

341 2822 366 2894 J
367 2847 423 2896 em
440 2831 502 2896 tue
518 2821 608 2918 {ugit
624 2823 746 2919 hyems
761 2846 769 2912 ;
806 2820 967 2911 decessit,
998 2821 1188 2896 Hibernia!

489 2996 617 3085 luctus,

392 3172 548 3268 Spesque
565 3182 706 3246 retente
723 3171 782 3243 diu
793 3171 868 3269 jem
886 3170 1040 3245 stabilite
1056 3180 1186 3243 manet.

410 3682 422 3721 ¹
458 3691 576 3769 “Apud
610 3689 781 3749 Kildsrism
815 3691 942 3749 occurrit
977 3689 1062 3767 Ignis
1096 3689 1212 3747 Snnetae

370 3796 507 3874 Bn'gidae,
522 3816 610 3873 quem
631 3795 893 3874 inextinguibilem
907 3801 1016 3854 vocant
1028 3815 1037 3868 3
1057 3814 1118 3854 non
1131 3793 1209 3872 quud

369 3902 507 3979 extingui
520 3921 581 3959 non
601 3901 700 3978 pessit,
715 3901 766 3959 sed
779 3899 857 3977 quid
866 3907 930 3959 tam
944 3900 1056 3960 solicite
1070 3900 1212 3960 moniules

368 4013 400 4065 et
427 4012 535 4065 senetae
559 4005 695 4064 mulieres
728 4006 835 4082 ignem,
871 4011 1045 4083 suppetente
1078 4006 1210 4078 materis,

368 4112 469 4170 fovent
493 4116 524 4170 et
545 4112 692 4182 nutriunt,
707 4115 742 4168 ut
766 4110 783 4168 ei
803 4117 935 4188 tempere
949 4112 1085 4190 Virginis
1099 4132 1151 4190 per
1164 4119 1211 4171 tot

366 4236 512 4275 annorum
536 4215 680 4276 eurrieuls
702 4235 815 4292 semper
828 4218 939 4275 mansit
960 4215 1211 4277 inextinctus”—

366 4320 509 4382 &taum
524 4321 621 4382 Omns.
636 4321 670 4380 de
683 4320 816 4380 Miranti.
832 4321 955 4381 Hibem.

1202 4552 1333 4562 ——-.—
